<?xml version="1.0" encoding="UTF-8"?><record xmlns="http://www.loc.gov/MARC21/slim" xmlns:cinclude="http://apache.org/cocoon/include/1.0" xmlns:zs="http://www.loc.gov/zing/srw/">
  <leader>00367nz  a2200133n  4500</leader>
  <controlfield tag="001">n  84022859 </controlfield>
  <controlfield tag="003">DLC</controlfield>
  <controlfield tag="005">19840718000000.0</controlfield>
  <controlfield tag="008">840507n| acannaab|          |a aaa |||  </controlfield>
  <datafield tag="010" ind1=" " ind2=" ">
    <subfield code="a">n  84022859 </subfield>
  </datafield>
  <datafield tag="040" ind1=" " ind2=" ">
    <subfield code="a">DLC</subfield>
    <subfield code="c">DLC</subfield>
  </datafield>
  <datafield tag="100" ind1="1" ind2="0">
    <subfield code="a">Sōvis, Viliyam,</subfield>
    <subfield code="d">1905-</subfield>
  </datafield>
  <datafield tag="400" ind1="0" ind2="0">
    <subfield code="a">Viliyam Sōvis,</subfield>
    <subfield code="d">1905-</subfield>
  </datafield>
  <datafield tag="670" ind1=" " ind2=" ">
    <subfield code="a">His Mama, 1981?:</subfield>
    <subfield code="b">t.p. (Viliyam Sōvis) data from India (b. 1905)</subfield>
  </datafield>
</record>